@misc{ wiki:Latex,
   author = "Wikipedia",
   title = "Latex --- Wikipedia{,} The Free Encyclopedia",
   year = "2009",
   howpublished = "\url{http://en.wikipedia.org/w/index.php?title=Latex&oldid=275930266}",
   note = "[Online; accessed 12-March-2009]"
 }
 
 @misc{ wiki:LatexTwo,
   author = "Wikipedia",
   title = "LaTeX --- Wikipedia{,} The Free Encyclopedia",
   year = "2009",
   howpublished = "\url{http://en.wikipedia.org/w/index.php?title=LaTeX&oldid=276025997}",
   note = "[Online; accessed 12-March-2009]"
 }